@article{dalmau2015weighted,
  title={Weighted robust Basis Function for phase unwrapping},
  author={Dalmau, Oscar and Rivera, Mariano and Gonzalez, Adonai},
  journal={Optics and Lasers in Engineering},
  volume={69},
  pages={13--19},
  year={2015},
  publisher={Elsevier}
}
@book{nocedal2006sequential,
  title={Sequential quadratic programming},
  author={Nocedal, Jorge and Wright, Stephen J},
  year={2006},
  publisher={Springer}
}

@article{bland1977new,
  title={New finite pivoting rules for the simplex method},
  author={Bland, Robert G},
  journal={Mathematics of operations Research},
  volume={2},
  number={2},
  pages={103--107},
  year={1977},
  publisher={INFORMS}
}
